@incollection{schindele2020crispr,
  title     = {CRISPR Guide RNA Design Guidelines for Efficient Genome Editing},
  author    = {Schindele, Patrick and Wolter, Felix and Puchta, Holger},
  booktitle = {Methods in Molecular Biology},
  volume    = {2166},
  pages     = {331--342},
  year      = {2020},
  publisher = {Humana, New York, NY},
  doi       = {10.1007/978-1-0716-0712-1_19},
  url       = {https://pubmed.ncbi.nlm.nih.gov/32710418/}
}
